% This file was created with Citavi 6.8.0.0

@article{Bailer.2021,
 author = {Bailer, Susanne and Grün, Gunnar and Gommel, Udo},
 year = {2021},
 title = {Tief durchatmen, trotz Corona},
 pages = {28--29},
 number = {3},
 journal = {Reinraumtechnik},
 subtitle = {Lüftungsanlagen im Test}
}


@article{Bauer.2021,
 author = {Bauer, Dennis and Bauernhansl, Thomas and Sauer, Alexander},
 year = {2021},
 title = {Improvement of Delivery Reliability by an Intelligent Control Loop between Supply Network and Manufacturing},
 volume = {11},
 number = {5},
 journal = {Applied Sciences},
 note = {(accepted)}
}


@collection{Bauernhansl.2014,
 year = {2014},
 title = {Industrie 4.0 in Produktion, Automatisierung und Logistik},
 location = {Wiesbaden},
 publisher = {{Springer Fachmedien}},
 isbn = {978-3-658-04681-1},
 doi = {10.1007/978-3-658-04682-8},
 editor = {Bauernhansl, Thomas and ten Hompel, Michael and Vogel-Heuser, Birgit}
}


@collection{Bauernhansl.2017,
 year = {2017},
 title = {Handbuch Industrie 4.0},
 location = {Wiesbaden},
 edition = {2. erweiterte und bearbeitete Aufl.},
 publisher = {Springer},
 isbn = {978-3-662-45278-3},
 editor = {Bauernhansl, Thomas and ten Hompel, Michael and Vogel-Heuser, Birgit},
 subtitle = {Band 1 - Produktion}
}


@collection{Bauernhansl.2017b,
 year = {2017},
 title = {Handbuch Industrie 4.0},
 location = {Wiesbaden},
 edition = {2. erweiterte und bearbeitete Aufl.},
 publisher = {Springer},
 isbn = {978-3-662-53247-8},
 editor = {Bauernhansl, Thomas and ten Hompel, Michael and Vogel-Heuser, Birgit},
 subtitle = {Band 2 - Automatisierung}
}


@article{Braun.2015,
 author = {Braun, Fabian and Proença, Martin and Rapin, Michael and Lemay, Mathieu and Adler, Andy and Grychtol, Bartlomiej and Solà, Josep and Thiran, Jean-Philippe},
 year = {2015},
 title = {Aortic blood pressure measured via EIT: investigation of different measurement settings},
 pages = {1147--1159},
 volume = {36},
 number = {6},
 journal = {Physiological measurement},
 doi = {10.1088/0967-3334/36/6/1147}
}


@thesis{Browatzki.2015,
 author = {Browatzki, Björn},
 year = {2015},
 title = {Multimodal Object Perception for Robotics},
 location = {Stuttgart},
 type = {Diss.},
 institution = {Univ.},
 examyear = {2014}
}


@book{Buck.2015,
 author = {Buck, Raphael},
 year = {2015},
 title = {Entwurfsmuster für den Aufbau von Baukästen für das Funktionale Engineering},
 location = {Stuttgart},
 number = {41},
 publisher = {Fraunhofer-Verlag},
 isbn = {978-3-8396-0828-9},
 series = {Stuttgarter Beiträge zur Produktionsforschung},
 note = {Stuttgart, Univ., Diss., 2014}
}


@book{Comella.2019,
 author = {Comella, Laura Maria},
 year = {2019},
 title = {Position Sensor and Control System for Micro Hydraulic Drives in Surgical Instruments},
 location = {Stuttgart},
 number = {97},
 isbn = {978-3-8396-1550-8},
 series = {Stuttgarter Beiträge zur Produktionsforschung},
 doi = {10.18419/opus-10766}
}


@patent{Cudazzo.2013,
 year = {2013},
 title = {Pulverbeschichtungsvorrichtung mit platzsparender Absaugvorrichtung für Overspraypulver},
 number = {CH 698287 B1},
 shorthand = {FhG},
 author = {{Fraunhofer Gesellschaft zur Förderung der angewandten Forschung e.V.}}
}


@inproceedings{DiazPosada.23.07.2015,
 author = {{Diaz Posada}, Julian Ricardo},
 title = {Genauigkeitssteigerung von Industrierobotern durch Steifigkeitsmodelle und Sensorführung},
 pages = {21 Folien},
 year = {2015},
 venue = {Stuttgart},
 eventtitle = {Seminar SPA 205},
 eventdate = {23.07.2015},
 booktitle = {Bearbeiten mit Industrierobotern},
 booksubtitle = {Anwendungsbeispiele, Technologien, Hard-/Software},
 editor = {{Stuttgarter Produktionsakademie}}
}


@standard{DIN60825.2015,
 note = {2015-06},
 number = {60825-1},
 titleaddon = {DIN EN},
 title = {Sicherheit von Lasereinrichtungen},
 subtitle = {Teil 1: Klassifizierung von Anlagen und Anforderungen},
 shorthand = {DIN EN 60825-1}
}


@standard{DIN61010.2020,
 note = {2020-03},
 number = {61010-1},
 titleaddon = {DIN EN},
 title = {Sicherheitsbestimmungen für elektrische Mess-, Steuer-, Regel- und Laborgeräte},
 subtitle = {Teil 1: Allgemeine Anforderungen},
 shorthand = {DIN EN 61010-1}
}


@book{Dornbusch.2015,
 author = {Dornbusch, Michael and Christ, Ulrich and Rasing, Rob},
 year = {2015},
 title = {Epoxidharze},
 location = {Hannover},
 publisher = {Vincentz},
 isbn = {978-3-86630-877-0},
 subtitle = {Grundlagen und Anwendungen}
}


@article{Fechter.2019,
 author = {Fechter, Manuel and Neb, Alexander},
 year = {2019},
 title = {From 3D product data to hybrid assembly workplace generation using the AutomationML exchange file format},
 pages = {57--62},
 volume = {81},
 journal = {Procedia CIRP},
 doi = {10.1016/j.procir.2019.03.011}
}


@thesis{Fischer.2016,
 author = {Fischer, Dennis},
 year = {2016},
 title = {High performing and nitrogen-rich high energy density materials},
 eprint = {urn:nbn:de:bvb:19-220286},
 location = {München},
 type = {Diss.},
 institution = {LMU},
 examyear = {2016}
}


@proceedings{FKF.2015,
 year = {2015},
 title = {15th Stuttgart International Symposium},
 location = {Wiesbaden},
 publisher = {{Springer + Vieweg}},
 isbn = {978-3-658-08844-6},
 editor = {{Forschungsinstitut für Kraftfahrwesen und Fahrzeugmotoren}},
 venue = {Stuttgart},
 eventdate = {17.03.2015-18.03.2015},
 shorthand = {FKF},
 subtitle = {Automotive and Engine Technology, Documentation Volume 2}
}


@inproceedings{FoithForster.17.03.201518.03.2015,
 author = {Foith-Förster, Petra and Bauernhansl, Thomas},
 title = {Changeable and reconfigureable assembly systems},
 pages = {375--394},
 isbn = {978-3-658-08844-6},
 year = {2015},
 venue = {Stuttgart},
 eventdate = {17.03.2015-18.03.2015},
 booktitle = {15th Stuttgart International Symposium},
 booksubtitle = {Automotive and Engine Technology, Documentation Volume 2},
 editor = {{Forschungsinstitut für Kraftfahrwesen und Fahrzeugmotoren}}
}


@article{Forster.2012,
 author = {Forster, Christoph and Westkämper, Engelbert},
 date = {19.10.2012},
 title = {Handlungsbedarf für Dienstleister im Weltraum},
 pages = {7},
 journal = {Stuttgarter Zeitung}
}


@online{FraunhoferGesellschaft.2018,
 author = {{Fraunhofer Gesellschaft zur Förderung der angewandten Forschung e.V.}},
 year = {2018},
 title = {Umformpresse goes Industrie 4.0},
 url = {https://www.fraunhofer.de/de/presse/presseinformationen/2018/April/umformpresse-goes-industrie-40.html},
 location = {München},
 urldate = {06.04.2018},
 subtitle = {Forschung kompakt},
 shorthand = {FhG}
}


@online{FraunhoferIPA.2015,
 author = {{Fraunhofer Institut für Produktionstechnik und Automatisierung IPA}},
 year = {2015},
 title = {Geschäftsfeld Medizin- und Biotechnik},
 url = {https://pamb.ipa.fraunhofer.de/de/presse-medien-veranstaltungen-events/broschueren---flyer.html},
 location = {Stuttgart},
 urldate = {04.04.2018},
 subtitle = {Broschüre Medizin- und Biotechnik},
 shorthand = {Fraunhofer IPA}
}


@online{FraunhoferIPA.2018,
 author = {{Fraunhofer IPA} and Schneider, Marco},
 year = {2018},
 title = {Wie wird Leichtbau bezahlbar?},
 url = {https://www.wir-produzieren-zukunft.de/q-a/marco-schneider},
 location = {Stuttgart},
 urldate = {04.04.2018}
}


@collection{Frey.1926,
 year = {1926},
 title = {Luegers Lexikon der gesamten Technik und ihrer Hilfswissenschaften},
 location = {Stuttgart},
 edition = {3., vollständig neu bearbeitete Auflage},
 publisher = {{Deutsche Verlagsanstalt}},
 editor = {Frey, Ernst},
 subtitle = {Band 1: A bis Bohren}
}


@incollection{Gunthner.2014,
 author = {Günthner, Willibald and Klenk, Eva and Tenerowicz-Wirth, Peter},
 title = {Adaptive Logistiksysteme als Wegbereiter der Industrie 4.0},
 pages = {297--323},
 publisher = {{Springer Fachmedien}},
 isbn = {978-3-658-04681-1},
 booktitle = {Industrie 4.0 in Produktion, Automatisierung und Logistik},
 year = {2014},
 location = {Wiesbaden},
 doi = {10.1007/978-3-658-04682-8{\textunderscore }15},
 editor = {Bauernhansl, Thomas and ten Hompel, Michael and Vogel-Heuser, Birgit}
}


@article{Gutjahr.2019,
 author = {Gutjahr, Jonas and Riexinger, Günther and Strieg, Florian},
 year = {2019},
 title = {Augmented Reality in der Produktion},
 pages = {153--157},
 volume = {109},
 number = {3},
 journal = {wt Werkstattstechnik online},
 subtitle = {Dinge sehen, die sonst keiner sieht}
}


@collection{Haas.2018,
 year = {2018},
 title = {Angewandte Nanotechnologie},
 location = {Stuttgart},
 publisher = {{Fraunhofer Verlag}},
 isbn = {978-3-8396-0918-7},
 editor = {Haas, Karl-Heinz and Tovar, Günter},
 subtitle = {Beispiele aus der Fraunhofer-Allianz Nanotechnologie}
}


@book{Hering.2019,
 author = {Hering, Ekbert and Schloske, Alexander},
 year = {2019},
 title = {Fehlermöglichkeits- und Einflussanalyse},
 location = {Wiesbaden},
 publisher = {{Springer Vieweg}},
 isbn = {978-3-658-25762-0},
 subtitle = {Methode zur vorbeugenden, systematischen Qualitätsplanung unter Risikogesichtspunkten}
}


@incollection{Hilt.2018,
 author = {Hilt, Michael and Zvonkina, Irina and Brinkmann, Anja and Noeske, Michael and Scharf, Sabine and Schiffels, Peter and Stenzel, Volkmar and Wilke, Yvonne},
 title = {Nanotechnologien für Beschichtungen aus flüssiger Phase},
 pages = {184--197},
 publisher = {{Fraunhofer Verlag}},
 isbn = {978-3-8396-0918-7},
 booktitle = {Angewandte Nanotechnologie},
 year = {2018},
 location = {Stuttgart},
 editor = {Haas, Karl-Heinz and Tovar, Günter}
}


@article{Huber.2019,
 author = {Huber, Marco},
 year = {2019},
 title = {Daten als Schlüssel für maschinelles Lernen},
 pages = {20--21},
 number = {1-2},
 journal = {Automationspraxis},
 subtitle = {Zentrum für Cyber Cognitive Intelligence (CCI) am Fraunhofer IPA hilft beim Einstieg}
}


@software{IOTAFoundation.,
 author = {{IOTA  Foundation}},
 year = {2021},
 title = {IOTA},
 location = {Berlin},
 version = {1.5.0},
 urldate = {28.07.2021},
 url = {https://github.com/iotaledger}
}


@standard{ISO11127.2020,
 note = {2020-10},
 number = {11127-1},
 titleaddon = {ISO},
 title = {Preparation of steel substrates before application of paints and related products},
 subtitle = {Test methods for non-metallic blast-cleaning abrasives - Part 1: Sampling},
 shorthand = {ISO 11127-1},
 doi = {10.31030/2759956}
}


@book{Junemann.o.J.,
 author = {Jünemann, Reinhardt},
 year = {o. J.},
 title = {Systemplanung für Stückgutläger},
 location = {Mainz},
 publisher = {Krausskopf}
}


@article{Karcher.2019,
 author = {Kärcher, Susann and Bauernhansl, Thomas},
 year = {2019},
 title = {Approach to Generate Optimized Assembly Sequences from Sensor Data},
 pages = {S. 276-281},
 volume = {81},
 journal = {Procedia CIRP},
 doi = {10.1016/j.procir.2019.03.048}
}


@proceedings{KEFF.2019,
 year = {2019},
 title = {Energieeffizient in Führung gehen},
 editor = {{Kompetenzstelle Energieeffizienz Schwarzwald-Baar-Heuberg}},
 venue = {Rottweil},
 eventdate = {17.09.2019},
 shorthand = {KEFF},
 subtitle = {KEFF-Workshop für Führungskräfte}
}


@presentation{Klingler.2021,
 author = {Klingler, Anna-Lena and Büttner, Stefan and Kiemel, Steffen and Waltersmann, Lara and Ricci, Claudia and Schnabel, Frieder},
 date = {10.03.2021},
 title = {Der Weg zur klimaneutralen Produktion},
 location = {Webinar},
 subtitle = {Zukunftsfähig oder abgehängt?}
}


@book{Knoll.2017,
 author = {Knoll, Anna},
 year = {2017},
 title = {Kompetenzen von Information Professionals in Unternehmen},
 location = {Berlin},
 publisher = {{Simon Verlag für Bibliothekswissen}},
 isbn = {978-3-945610-34-3},
 note = {Hannover, HS, Masterarbeit, 2016}
}


@thesis{Lang.2014,
 author = {Lang, Cornelia},
 year = {2014},
 title = {Wissenschaftsbezogene Nutzung von sozialen Online-Netzwerken am Beispiel des Fraunhofer ISE und Fraunhofer IPA},
 eprint = {urn:nbn:de:hbz:79pbc-opus-5632},
 location = {Köln},
 type = {Masterarbeit},
 institution = {FH},
 examyear = {2014}
}


@book{Lee.2021,
 author = {Lee, Gyeong-Tae and Nam, Hyeonik and Kim, Seong-Hu and Choi, Sang-Min and Kim, Youngkey and Park, Yong-Hwa},
 year = {2021},
 title = {Deep learning based cough detection camera using enhanced features},
 note = {arXiv-ID: 2107.13260}
}


@verdict{LGHeilbronn.2018,
 author = {{LG Heilbronn}},
 date = {01.02.2018},
 shorthand = {Urteil Ve 6 O 311/17},
 title = {Ve 6 O 311/17},
 vertype = {Urteil},
 urldate = {04.04.2018},
 url = {http://lrbw.juris.de/cgi-bin/laender_rechtsprechung/list.py?Gericht=bw&Art=en&GerichtAuswahl=Landgerichte}
}


@incollection{Lueger.1926,
 author = {Lueger, Otto},
 title = {Alarmvorrichtungen},
 pages = {94--103},
 publisher = {{Deutsche Verlagsanstalt}},
 booktitle = {Luegers Lexikon der gesamten Technik und ihrer Hilfswissenschaften},
 year = {1926},
 location = {Stuttgart},
 editor = {Frey, Ernst}
}


@article{Metzner.2012,
 author = {Metzner, Martin},
 year = {2012},
 title = {Dispersionsschichten und ihre Chancen},
 pages = {36--39},
 volume = {52},
 number = {1},
 journal = {JOT},
 subtitle = {Metallische Schichten als Funktionsmatrix}
}


@article{Miehe.2016,
 author = {Miehe, Robert and Bogdanov, Ivan and Schneider, Ralph and Hirsch, Marius and Bauernhansl, Thomas and Pawlik, Elzbieta and Horbal, Remigiusz},
 year = {2016},
 title = {The Eco Lean Method},
 pages = {613--618},
 volume = {57},
 journal = {Procedia CIRP},
 doi = {10.1016/j.procir.2016.11.106},
 subtitle = {A Combined Approach for Low Cost Economic and Ecologic Optimization in the Manufacturing Industry}
}


@book{Odabasi.2019,
 author = {Odabasi, Cagatay and Jewel, Jose},
 year = {2019},
 title = {Towards a Skeleton-Based Action Recognition For Realistic Scenarios},
 doi = {10.13140/RG.2.2.23016.52485},
 eprint = {1905.05420v1}
}


@thesis{Pampel.2012,
 author = {Pampel, Heinz},
 year = {2012},
 title = {Open Science und Science 2.0.},
 location = {Stuttgart},
 type = {Vorlesungsskript Sommersemester},
 institution = {{Hochschule der Medien}},
 subtitle = {Digital Libraries}
}


@book{Ringkamp.2019,
 author = {Ringkamp, Jan and Radler, Philipp and Lebhardt, Philipp and Langejürgen, Jens},
 year = {2019},
 title = {A novel non-invasive, non-conductive method for measuring respiration},
 doi = {10.24406/FORDATIS/49},
 subtitle = {Forschungsdaten}
}


@inproceedings{Sauer.2019,
 author = {Sauer, Alexander},
 title = {Energieeffizienz als Beitrag zu Klimaschutz und Energiewende},
 pages = {52 Folien},
 year = {2019},
 venue = {Rottweil},
 eventdate = {17.09.2019},
 booktitle = {Energieeffizient in Führung gehen},
 booksubtitle = {KEFF-Workshop für Führungskräfte},
 subtitle = {Internationale und nationale Perspektiven},
 editor = {{Kompetenzstelle Energieeffizienz Schwarzwald-Baar-Heuberg}}
}


@conversation{Sauer.2019b,
 author = {Sauer, Alexander},
 title = {Gespräch über energieflexible Produktion},
 date = {21.05.2019},
 location = {Universität Stuttgart, EEP, Nobelstr. 12}
}


@collection{Sauer.2020,
 year = {2020},
 title = {Die Gleichstromfabrik},
 location = {München},
 publisher = {Hanser},
 isbn = {978-3-446-46581-7},
 editor = {Sauer, Alexander},
 subtitle = {Energieeffizient, robust, zukunftsweisend}
}


@patent{Schafer.2013,
 year = {2013},
 title = {Vorrichtung und Verfahren zur automatischen Bestückung von Klemm-Magazinen mit Werkstücken},
 number = {DE 10244964 B4},
 shorthand = {FhG},
 author = {{Fraunhofer Gesellschaft zur Förderung der angewandten Forschung e.V.}}
}


@thesis{Schlegel.2016,
 author = {Schlegel, Theresa},
 year = {2016},
 title = {Landschaft des Forschungsförderungsmarktes und der Erfolgsfaktoren im Bereich der angewandten Forschung},
 location = {Stuttgart},
 type = {Masterarbeit},
 institution = {Univ.},
 subtitle = {Das Beispiel Advanced Manufacturing},
 examyear = {2016}
}


@book{Schleich.2020,
 author = {Schleich, Florian and Menck, Oliver},
 year = {2020},
 title = {FE-simulated bearing load distributions for different load cases of the IWT7.5 turbine},
 doi = {10.24406/fordatis/109},
 subtitle = {Forschungsdaten}
}


@proceedings{SPA.2015,
 year = {2015},
 title = {Bearbeiten mit Industrierobotern},
 editor = {{Stuttgarter Produktionsakademie}},
 venue = {Stuttgart},
 eventtitle = {Seminar SPA 205},
 eventdate = {23.07.2015},
 shorthand = {SPA},
 subtitle = {Anwendungsbeispiele, Technologien, Hard-/Software}
}


@law{UrhG.31,
 title = {Urheberrechtsgesetz §31 Einräumung von Nutzungsrechten},
 shorthand = {UrhG §31},
 date = {01.09.2017},
 author = {UrhG §31},
 url = {https://www.gesetze-im-internet.de/urhg/__31.html},
 urldate = {03.04.2018}
}


@standard{VDI.2020,
 note = {2020},
 number = {28654},
 titleaddon = {VDI Richtlinie},
 title = {Richtlinie für nachvollziehbare Zitate},
 subtitle = {Literaturverzeichnisse erstellen für Doktoranden},
 shorthand = {VDI Richtlinie 28654}
}


@software{VerbiSoftware.2021,
 author = {{Verbi Software}},
 year = {2021},
 title = {MAXQDA 12},
 location = {Berlin},
 version = {2020.4.1},
 urldate = {05.07.2021},
 url = {https://www.maxqda.de/download},
 note = {Software}
}


@book{Westkamper.2010,
 author = {Westkämper, Engelbert and Warnecke, Hans-Jürgen},
 year = {2010},
 title = {Einführung in die Fertigungstechnik},
 location = {Wiesbaden},
 edition = {8., aktualisierte und erweiterte Aufl., korrigierter Nachdruck},
 publisher = {{Vieweg + Teubner}},
 isbn = {978-3-8348-0835-6}
}


@book{Wiedenroth.2019,
 author = {Wiedenroth, Saskia and {Fraunhofer Institut für Produktionstechnik und Automatisierung IPA}},
 year = {2019},
 title = {D²UNA – Data Driven User Needs Assessments},
 location = {Stuttgart},
 subtitle = {Menschenzentrierte Qualität am Arbeitsplatz},
 shorthand = {Wiedenroth {\&} Fraunhofer IPA},
 titleaddon = {Produktblatt}
}


