@article{Jonas.2021,
 author = {Bailer, Susanne and Grün, Gunnar and Gommel, Udo},
 year = {2021},
 title = {Tief durchatmen, trotz Corona},
 pages = {28--29},
 number = {3},
 journal = {Reinraumtechnik},
 subtitle = {Lüftungsanlagen im Test}
}